<?xml version="1.0" encoding="UTF-8"?><record xmlns="http://www.loc.gov/MARC21/slim" xmlns:cinclude="http://apache.org/cocoon/include/1.0" xmlns:zs="http://www.loc.gov/zing/srw/">
  <leader>00425cz  a2200133n  4500</leader>
  <controlfield tag="001">n  84045215 </controlfield>
  <controlfield tag="003">DLC</controlfield>
  <controlfield tag="005">20081204080211.0</controlfield>
  <controlfield tag="008">840712n| acannaabn          |n aaa      </controlfield>
  <datafield tag="010" ind1=" " ind2=" ">
    <subfield code="a">n  84045215 </subfield>
  </datafield>
  <datafield tag="035" ind1=" " ind2=" ">
    <subfield code="a">(OCoLC)oca01140970</subfield>
  </datafield>
  <datafield tag="040" ind1=" " ind2=" ">
    <subfield code="a">DLC</subfield>
    <subfield code="b">eng</subfield>
    <subfield code="c">DLC</subfield>
    <subfield code="d">DLC</subfield>
    <subfield code="d">OCoLC</subfield>
  </datafield>
  <datafield tag="100" ind1="1" ind2=" ">
    <subfield code="a">Schmidt, Roswitha</subfield>
  </datafield>
  <datafield tag="670" ind1=" " ind2=" ">
    <subfield code="a">Her Entsinnlichung und Erziehung, c1984:</subfield>
    <subfield code="b">t.p. (Roswitha Schmidt) p. 2 (since 1978 at J.W. Goethe-Univ. Frankfurt a.M.)</subfield>
  </datafield>
</record>